@article{Carrington,
   author = {{Carrington}, R.~C.},
    title = "{Description of a Singular Appearance seen in the Sun on September 1, 1859}",
  journal = {\mnras},
     year = 1859,
    month = nov,
   volume = 20,
    pages = {13-15},
   adsurl = {http://adsabs.harvard.edu/abs/1859MNRAS..20...13C},
  adsnote = {Provided by the SAO/NASA Astrophysics Data System}
}

@ARTICLE{Chapman,
   author = {{Chapman}, S. and {Ferraro}, V.~C.~A.},
    title = "{A new theory of magnetic storms}",
  journal = {Terrestrial Magnetism and Atmospheric Electricity (Journal of Geophysical Research)},
     year = 1931,
   volume = 36,
    pages = {77},
      doi = {10.1029/TE036i002p00077},
   adsurl = {http://adsabs.harvard.edu/abs/1931TeMAE..36...77C},
  adsnote = {Provided by the SAO/NASA Astrophysics Data System}
}

@MISC{CCMC,
author = {CCMC},
title = {Community Coordinated Modeling Center},
url = {http://ccmc.gsfc.nasa.gov/},
urldate = {2013-08-26}
}

@MISC{NOAAScale,
author = {National Oceanic and Atmospheric Administration},
title = {{NOAA Space Weather Scales}},
url = {http://www.swpc.noaa.gov/NOAAscales/},
urldate = {2013-09-16},
year = {2005}
}


@ARTICLE{ExtremeEvents,
   author = {{Ghil}, M. and {Yiou}, P. and {Hallegatte}, S. and {Malamud}, B.~D. and 
	{Naveau}, P. and {Soloviev}, A. and {Friederichs}, P. and {Keilis-Borok}, V. and 
	{Kondrashov}, D. and {Kossobokov}, V. and {Mestre}, O. and {Nicolis}, C. and 
	{Rust}, H.~W. and {Shebalin}, P. and {Vrac}, M. and {Witt}, A. and 
	{Zaliapin}, I.},
    title = "{Extreme events: dynamics, statistics and prediction}",
  journal = {Nonlinear Processes in Geophysics},
     year = 2011,
    month = may,
   volume = 18,
    pages = {295-350},
      doi = {10.5194/npg-18-295-2011},
   adsurl = {http://adsabs.harvard.edu/abs/2011NPGeo..18..295G},
  adsnote = {Provided by the SAO/NASA Astrophysics Data System}
}

@ARTICLE{Yermolaev,
   author = {{Yermolaev}, Y.~I. and {Yermolaev}, M.~Y.},
    title = "{Statistic study on the geomagnetic storm effectiveness of solar and interplanetary events}",
  journal = {Advances in Space Research},
     year = 2006,
   volume = 37,
    pages = {1175-1181},
      doi = {10.1016/j.asr.2005.03.130},
   adsurl = {http://adsabs.harvard.edu/abs/2006AdSpR..37.1175Y},
  adsnote = {Provided by the SAO/NASA Astrophysics Data System},
}


@ARTICLE{StormDefinition,
   author = {{Gosling}, J.~T. and {McComas}, D.~J. and {Phillips}, J.~L. and 
	{Bame}, S.~J.},
    title = "{Geomagnetic activity associated with earth passage of interplanetary shock disturbances and coronal mass ejections}",
  journal = {\jgr},
 keywords = {SHOCK WAVES, SOLAR ACTIVITY EFFECTS, SOLAR CORONA, SOLAR WIND, STELLAR MASS EJECTION, INTERPLANETARY MAGNETIC FIELDS, MAGNETIC STORMS, MAGNETOACTIVITY, SOLAR ELECTRONS},
     year = 1991,
    month = may,
   volume = 96,
    pages = {7831-7839},
      doi = {10.1029/91JA00316},
   adsurl = {http://adsabs.harvard.edu/abs/1991JGR....96.7831G},
  adsnote = {Provided by the SAO/NASA Astrophysics Data System}
}


@ARTICLE{1989Storm,
   author = {{Allen}, J. and {Frank}, L. and {Sauer}, H. and {Reiff}, P.},
    title = "{Effects of the March 1989 solar activity}",
  journal = {EOS Transactions},
 keywords = {MAGNETIC STORMS, RADIO AURORAS, SATELLITE IMAGERY, SOLAR ACTIVITY EFFECTS, SOLAR TERRESTRIAL INTERACTIONS, COSMIC RAYS, EARTH MAGNETOSPHERE, RADIATION BELTS, SOLAR FLARES, STATIONARY ORBITS},
     year = 1989,
    month = nov,
   volume = 70,
    pages = {1479},
      doi = {10.1029/89EO00409},
   adsurl = {http://adsabs.harvard.edu/abs/1989EOSTr..70.1479A},
  adsnote = {Provided by the SAO/NASA Astrophysics Data System}
}

@ARTICLE{StormSources,
   author = {{Zhang}, J. and {Richardson}, I.~G. and {Webb}, D.~F. and {Gopalswamy}, N. and 
	{Huttunen}, E. and {Kasper}, J.~C. and {Nitta}, N.~V. and {Poomvises}, W. and 
	{Thompson}, B.~J. and {Wu}, C.-C. and {Yashiro}, S. and {Zhukov}, A.~N.
	},
    title = "{Solar and interplanetary sources of major geomagnetic storms (Dst $\leq$ -100 nT) during 1996-2005}",
  journal = {Journal of Geophysical Research (Space Physics)},
 keywords = {Solar Physics, Astrophysics, and Astronomy: Coronal mass ejections (2101), Interplanetary Physics: Corotating streams, Interplanetary Physics: Ejecta, driver gases, and magnetic clouds, Magnetospheric Physics: Magnetic storms and substorms (7954), and Astronomy: Corona, geomagnetic storm, CME, ICME},
     year = 2007,
    month = oct,
   volume = 112,
   number = A11,
      eid = {A10102},
    pages = {10102},
      doi = {10.1029/2007JA012321},
   adsurl = {http://adsabs.harvard.edu/abs/2007JGRA..11210102Z},
  adsnote = {Provided by the SAO/NASA Astrophysics Data System},
}

@ARTICLE{VBzDST,
   author = {{Clauer}, C.~R. and {McPherron}, R.~L. and {Searls}, C. and 
	{Kivelson}, M.~G.},
    title = "{Solar wind control of auroral zone geomagnetic activity}",
  journal = {\grl},
 keywords = {AURORAL ZONES, EARTH MAGNETOSPHERE, GEOMAGNETISM, INTERPLANETARY MAGNETIC FIELDS, SOLAR TERRESTRIAL INTERACTIONS, SOLAR WIND VELOCITY, COMPUTER PROGRAMS, DATA REDUCTION, LEAST SQUARES METHOD, LINEAR PREDICTION, LOW PASS FILTERS, PLASMA INTERACTIONS},
     year = 1981,
    month = aug,
   volume = 8,
    pages = {915-918},
      doi = {10.1029/GL008i008p00915},
   adsurl = {http://adsabs.harvard.edu/abs/1981GeoRL...8..915C},
  adsnote = {Provided by the SAO/NASA Astrophysics Data System}
}

@ARTICLE{VBzAL,
   author = {{Bargatze}, L.~F. and {Baker}, D.~N. and {Hones}, Jr., E.~W. and 
	{McPherron}, R.~L.},
    title = "{Magnetospheric impulse response for many levels of geomagnetic activity}",
  journal = {\jgr},
 keywords = {EARTH MAGNETOSPHERE, GEOMAGNETIC PULSATIONS, SOLAR TERRESTRIAL INTERACTIONS, SOLAR WIND, AURORAS, LINEAR PREDICTION, TIME SERIES ANALYSIS},
     year = 1985,
    month = jul,
   volume = 90,
    pages = {6387-6394},
      doi = {10.1029/JA090iA07p06387},
   adsurl = {http://adsabs.harvard.edu/abs/1985JGR....90.6387B},
  adsnote = {Provided by the SAO/NASA Astrophysics Data System}
}

@ARTICLE{ARXEqn,
   author = {{Klimas}, A.~J. and {Vassiliadis}, D. and {Baker}, D.~N.},
    title = "{Dst index prediction using data-derived analogues of the magnetospheric dynamics}",
  journal = {\jgr},
 keywords = {Magnetospheric Physics: Solar wind/magnetosphere interactions},
     year = 1998,
    month = sep,
   volume = 103,
    pages = {20435-20448},
      doi = {10.1029/98JA01559},
   adsurl = {http://adsabs.harvard.edu/abs/1998JGR...10320435K},
  adsnote = {Provided by the SAO/NASA Astrophysics Data System}
}


@ARTICLE{Coupling,
   author = {{Vassiliadis}, D. and {Weigel}, R.~S. and {Baker}, D.~N. and 
	{Kanekal}, S.~G. and {Klimas}, A.~J.},
    title = "{Probing the solar wind-inner magnetospheric coupling: validation of relativistic electron flux models}",
  journal = {Journal of Atmospheric and Solar-Terrestrial Physics},
     year = 2004,
    month = oct,
   volume = 66,
    pages = {1399-1409},
      doi = {10.1016/j.jastp.2004.03.025},
   adsurl = {http://adsabs.harvard.edu/abs/2004JASTP..66.1399V},
  adsnote = {Provided by the SAO/NASA Astrophysics Data System}
}

@ARTICLE{Heidke,
	author 	= {{Heidke}, P.},
	title 	= "{Berechnung des Erfolges und der G\"{u}te der Windst\"{a}rkevorhersagen im Sturmwarnungsdienst}",
	journal = {Geografiska Annaler},
	volume	= 8,
	year 		= {1926},
	pages		= {310-349},
	url			= {http://www.jstor.org/stable/519729?seq=4},
	urldate	=	{2013-10-10}
}

@ARTICLE{Brier,
	author	= {{Brier}, G. and {Allen}, R.},
	title		= "{Verification of Weather Forecasts}",
	journal	= {Compendium of Meteorology},
	year		= 1951,
	pages		= {841-848},
	url			= {http://archive.org/stream/compendiumofmete00amer#page/840/mode/2up},
	urldate	= {2013-10-10}
}


@ARTICLE{WeigelDecision,
   author = {{Weigel}, R.~S. and {Detman}, T. and {Rigler}, E.~J. and {Baker}, D.~N.
	},
    title = "{Decision theory and the analysis of rare event space weather forecasts}",
  journal = {Space Weather},
 keywords = {decision theory, rare events, space weather},
     year = 2006,
    month = may,
   volume = 4,
      eid = {05002},
    pages = {5002},
      doi = {10.1029/2005SW000157},
   adsurl = {http://adsabs.harvard.edu/abs/2006SpWea...4.5002W},
  adsnote = {Provided by the SAO/NASA Astrophysics Data System}
}

@ARTICLE{PowerLaw,
   author = {{Riley}, P.},
    title = "{On the probability of occurrence of extreme space weather events}",
  journal = {Space Weather},
 keywords = {space weather},
     year = 2012,
    month = feb,
   volume = 10,
      eid = {02012},
    pages = {2012},
      doi = {10.1029/2011SW000734},
   adsurl = {http://adsabs.harvard.edu/abs/2012SpWea..10.2012R},
  adsnote = {Provided by the SAO/NASA Astrophysics Data System}
}


@ARTICLE{SWMF,
   author = {{T{\'o}th}, G. and {van der Holst}, B. and {Sokolov}, I.~V. and 
	{de Zeeuw}, D.~L. and {Gombosi}, T.~I. and {Fang}, F. and {Manchester}, W.~B. and 
	{Meng}, X. and {Najib}, D. and {Powell}, K.~G. and {Stout}, Q.~F. and 
	{Glocer}, A. and {Ma}, Y.-J. and {Opher}, M.},
    title = "{Adaptive numerical algorithms in space weather modeling}",
  journal = {Journal of Computational Physics},
     year = 2012,
    month = feb,
   volume = 231,
    pages = {870-903},
      doi = {10.1016/j.jcp.2011.02.006},
   adsurl = {http://adsabs.harvard.edu/abs/2012JCoPh.231..870T},
  adsnote = {Provided by the SAO/NASA Astrophysics Data System}
}

@ARTICLE{Seasons,
   author = {{Wiltberger}, M. and {Weigel}, R.~S. and {Lotko}, W. and {Fedder}, J.~A.
	},
    title = "{Modeling seasonal variations of auroral particle precipitation in a global-scale magnetosphere-ionosphere simulation}",
  journal = {Journal of Geophysical Research (Space Physics)},
 keywords = {Magnetospheric Physics: Magnetosphere/ionosphere interactions (2431), Ionosphere: Auroral ionosphere (2704), Magnetospheric Physics: Energetic particles: precipitating, Magnetospheric Physics: Field-aligned currents and current systems (2409)},
     year = 2009,
    month = jan,
   volume = 114,
      eid = {A01204},
    pages = {1204},
      doi = {10.1029/2008JA013108},
   adsurl = {http://adsabs.harvard.edu/abs/2009JGRA..114.1204W},
  adsnote = {Provided by the SAO/NASA Astrophysics Data System}
}

@ARTICLE{DOYvar,
   author = {{Weigel}, R.~S.},
    title = "{Solar wind time history contribution to the day-of-year variation in geomagnetic activity}",
  journal = {Journal of Geophysical Research (Space Physics)},
 keywords = {Space Plasma Physics: Mathematical and numerical techniques (0500, 3200), Space Plasma Physics: General or miscellaneous, Ionosphere: Current systems (2721), Ionosphere: Ionospheric disturbances, Ionosphere: General or miscellaneous, geomagnetic, solar wind, time delay},
     year = 2007,
    month = oct,
   volume = 112,
   number = A11,
      eid = {A10207},
    pages = {10207},
      doi = {10.1029/2007JA012324},
   adsurl = {http://adsabs.harvard.edu/abs/2007JGRA..11210207W},
  adsnote = {Provided by the SAO/NASA Astrophysics Data System}
}

@ARTICLE{RadBeltForecast,
   author = {{Horne}, R.~B. and {Glauert}, S.~A. and {Meredith}, N.~P. and 
	{Boscher}, D. and {Maget}, V. and {Heynderickx}, D. and {Pitchford}, D.
	},
    title = "{Space weather impacts on satellites and forecasting the Earth's electron radiation belts with SPACECAST}",
  journal = {Space Weather},
 keywords = {radiation belts, forecasting, satellites},
     year = 2013,
    month = apr,
   volume = 11,
    pages = {169-186},
      doi = {10.1002/swe.20023},
   adsurl = {http://adsabs.harvard.edu/abs/2013SpWea..11..169H},
  adsnote = {Provided by the SAO/NASA Astrophysics Data System}
}

@ARTICLE{NewGOES,
   author = {{Goodman}, S.~J. and {Blakeslee}, R.~J. and {Koshak}, W.~J. and 
	{Mach}, D. and {Bailey}, J. and {Buechler}, D. and {Carey}, L. and 
	{Schultz}, C. and {Bateman}, M. and {McCaul}, E. and {Stano}, G.
	},
    title = "{The GOES-R Geostationary Lightning Mapper (GLM)}",
  journal = {Atmospheric Research},
 keywords = {Lightning, Thunderstorms, Satellite meteorology, Nowcasting},
     year = 2013,
    month = may,
   volume = 125,
    pages = {34-49},
      doi = {10.1016/j.atmosres.2013.01.006},
   adsurl = {http://adsabs.harvard.edu/abs/2013AtmRe.125...34G},
  adsnote = {Provided by the SAO/NASA Astrophysics Data System}
}

@book{Maunder,
	title = {The Maunder Minimum and the Variable Sun-earth Connection},
	isbn = {9789812382757},
	language = {en},
	publisher = {World Scientific},
	author = {Soon, Willie and Yaskell, Steven H.},
	year = {2003},
	pages = {130},
	keywords = {Science / Astronomy, Science / Earth Sciences / Meteorology \& Climatology, Science / Paleontology, Science / Physics / Astrophysics, Science / Physics / Geophysics}

@ARTICLE{Chapman,
   author = {{Chapman}, S. and {Ferraro}, V.~C.~A.},
    title = "{A new theory of magnetic storms}",
  journal = {Terrestrial Magnetism and Atmospheric Electricity (Journal of Geophysical Research)},
     year = 1931,
   volume = 36,
    pages = {77},
      doi = {10.1029/TE036i002p00077},
   adsurl = {http://adsabs.harvard.edu/abs/1931TeMAE..36...77C},
  adsnote = {Provided by the SAO/NASA Astrophysics Data System}
}

@MISC{HistMagnetometer,
author = {{Snare}, R.},
title = {{A History of Vector Magnetometery in Space}},
url = {http://www-ssc.igpp.ucla.edu/personnel/russell/ESS265/History.html},
urldate = {2013-10-28},
iyear = 2013}
}

@ARTICLE{StatCompStorms,
   author = {{Zhang}, J. and {Liemohn}, M.~W. and {Kozyra}, J.~U. and {Thomsen}, M.~F. and 
	{Elliott}, H.~A. and {Weygand}, J.~M.},
    title = "{A statistical comparison of solar wind sources of moderate and intense geomagnetic storms at solar minimum and maximum}",
  journal = {Journal of Geophysical Research (Space Physics)},
 keywords = {Interplanetary Physics: Solar cycle variations (7536), Magnetospheric Physics: Magnetic storms and substorms (7954), Interplanetary Physics: Interplanetary magnetic fields, Interplanetary Physics: Solar wind plasma, Magnetospheric Physics: Solar wind/magnetosphere interactions, magnetic indices, storms, solar wind/magnetospheric interactions, space weather},
     year = 2006,
    month = jan,
   volume = 111,
      eid = {A01104},
    pages = {1104},
      doi = {10.1029/2005JA011065},
   adsurl = {http://adsabs.harvard.edu/abs/2006JGRA..111.1104Z},
  adsnote = {Provided by the SAO/NASA Astrophysics Data System}
}

@MISC{Denton,
author	=	{{Denton}, R.},
title		=	"{Database of Input Parameters for Tsyganenko Magnetic Field Modles}",
year		=	2007,
url	=	{http://www.dartmouth.edu/~rdenton/magpar/index.html},
urldate	=	{2013-10-28}
}

@misc{LP,
        title = {Linear programming},
        copyright = {Creative Commons Attribution-{ShareAlike} License},
        url = {http://en.wikipedia.org/w/index.php?title=Linear_programming&oldid=578751371},
        abstract = {Linear programming ({LP}, or linear optimization) is a mathematical method for determining a way to achieve the best outcome (such as maximum profit or lowest cost) in a given mathematical model for some list of requirements represented as linear relationships. Linear programming is a specific case of mathematical programming (mathematical optimization).},
        language = {en},
        urldate = {2013-11-04},
        journal = {Wikipedia, the free encyclopedia},
        month = oct,
        year = {2013},
        note = {Page Version {ID:} 578751371},
}

@ARTICLE{ANNforecast,
   author = {{Bala}, R. and {Reiff}, P.},
    title = "{Improvements in short-term forecasting of geomagnetic activity}",
  journal = {Space Weather},
 keywords = {Boyle Index, Natural Hazards: Space weather (2101, 2788, 7900), Space Weather: Forecasting (1922, 2722, 4315), Space Weather: General or miscellaneous},
     year = 2012,
    month = jun,
   volume = 10,
      eid = {S06001},
    pages = {6001},
      doi = {10.1029/2012SW000779},
   adsurl = {http://adsabs.harvard.edu/abs/2012SpWea..10.6001B},
  adsnote = {Provided by the SAO/NASA Astrophysics Data System}
}

@ARTICLE{NNARMA,
   author = {{Hernandez}, J.~V. and {Tajima}, T. and {Horton}, W.},
    title = "{Neural net forecasting for geomagnetic activity}",
  journal = {\grl},
 keywords = {Earth Magnetosphere, Forecasting, Geomagnetism, Interplanetary Magnetic Fields, Neural Nets, Solar Wind, Mathematical Models, Nonlinear Filters, Solar Planetary Interactions},
     year = 1993,
    month = dec,
   volume = 20,
    pages = {2707-2710},
      doi = {10.1029/93GL02848},
   adsurl = {http://adsabs.harvard.edu/abs/1993GeoRL..20.2707H},
  adsnote = {Provided by the SAO/NASA Astrophysics Data System}
}

@ARTICLE{StormModel,
   author = {{Tsyganenko}, N.~A. and {Sitnov}, M.~I.},
    title = "{Modeling the dynamics of the inner magnetosphere during strong geomagnetic storms}",
  journal = {Journal of Geophysical Research (Space Physics)},
 keywords = {Magnetospheric Physics: Magnetosphere: inner, Magnetospheric Physics: Magnetospheric configuration and dynamics, Magnetospheric Physics: Numerical modeling, Magnetospheric Physics: Magnetic storms and substorms (7954), Space Weather: Models, magnetosphere, modeling, geomagnetic storms},
     year = 2005,
    month = mar,
   volume = 110,
      eid = {A03208},
    pages = {3208},
      doi = {10.1029/2004JA010798},
   adsurl = {http://adsabs.harvard.edu/abs/2005JGRA..110.3208T},
  adsnote = {Provided by the SAO/NASA Astrophysics Data System}
}

@ARTICLE{SunspotStorms,
   author = {{Richardson}, R.~S.},
    title = "{Sun-Spots and Magnetic Storms}",
  journal = {Leaflet of the Astronomical Society of the Pacific},
     year = 1936,
   volume = 2,
    pages = {133},
   adsurl = {http://adsabs.harvard.edu/abs/1936ASPL....2..133R},
  adsnote = {Provided by the SAO/NASA Astrophysics Data System}
}
